@misc
{
    pong_computer_game_strategies,
    author  = "Ryan A. Harris and Jayesh B. Gorasia",
    title = {Pong: An Introduction to Implementing Computer Game Strategies},
    url = {https://www.jgorasia.com/Files/Spring08/ICB/Gorasia_Harris.pdf},
    note = {Accessed: xx-xx-xxxx}
}

% https://dn720005.ca.archive.org/0/items/mitsubishi-diamond-dpro-2070sb-nec-multisync-fp-2141sb-sm-2/mitsubishi_diamond-dpro-2070sb_nec_multisync_fp2141sb_sm%202.pdf
% https://www.hpmuseum.net/display_item.php?hw=512
% https://digilent.com/reference/programmable-logic/basys-2/reference-manual?redirect=1
% https://faculty.kfupm.edu.sa/COE/aimane/coe405/FPGA%20Prototyping%20with%20Verilog%20examples.pdf
% https://martin.hinner.info/vga/
% https://www.jgorasia.com/Files/Spring08/ICB/Gorasia_Harris.pdf
% https://www.raphnet.net/divers/tvfun_repair/AY-3-8500.pdf
% https://www.pong-story.com/LAWN_TENNIS.pdf
% https://en.wikipedia.org/wiki/Pong